@article {Marr187,
	author = { and },
	title = {Theory of edge detection},
	volume = {207},
	number = {1167},
	pages = {187--217},
	year = {1980},
	doi = {10.1098/rspb.1980.0020},
	publisher = {The Royal Society},
	URL = {http://rspb.royalsocietypublishing.org/content/207/1167/187},
	eprint = {http://rspb.royalsocietypublishing.org/content/207/1167/187.full.pdf},
	journal = {Proceedings of the Royal Society of London B: Biological Sciences}
}