@article{ace2002,
author = {Gatta, Carlo and Rizzi, Alessandro and Marini, Daniele},
year = {2002},
month = {01},
pages = {},
title = {ACE: An Automatic Color Equalization Algorithm},
booktitle = {European Conference on Colour in Graphics, Imaging and Vision (CGIV)}
}

@article{gamut,
title = "Selection for gamut mapping colour constancy",
journal = "Image and Vision Computing",
volume = "17",
number = "8",
pages = "597 - 604",
year = "1999",
issn = "0262-8856",
doi = "https://doi.org/10.1016/S0262-8856(98)00179-6",
url = "http://www.sciencedirect.com/science/article/pii/S0262885698001796",
author = "Graham Finlayson and Steven Hordley",
keywords = "Gamut mapping, Dimension, Colour constancy"
}

@Book{cvma,
  Title                    = {Computer Vision A Modern Approach},
  Annote                   = {SIGNATUR = 765.880},
  Author                   = {David A. Forsyth and Jean Ponce},
  Keywords                 = {IMAGE UNDERSTANDING},
  Publisher                = {Prentice Hall},
  Year                     = {2003},

  Place                    = {Favoritenstrasse 9/4th Floor/1863}
}

@ARTICLE{shadows,
author = {C. Hern√°ndez and G. Vogiatzis and R. Cipolla},
journal = {IEEE Transactions on Pattern Analysis \& Machine Intelligence},
title = {Overcoming Shadows in 3-Source Photometric Stereo},
year = {2010},
volume = {33},
number = {},
pages = {419-426},
keywords={Photometric stereo; shadows.},
doi = {10.1109/TPAMI.2010.181},
url = {doi.ieeecomputersociety.org/10.1109/TPAMI.2010.181},
ISSN = {0162-8828},
month={09}
}

@misc{wiki,
    author = "Wikipedia contributors",
    title = "Photometric stereo --- Wikipedia{,} The Free Encyclopedia",
    year = "2017",
    url = "https://en.wikipedia.org/w/index.php?title=Photometric_stereo&oldid=776667729",
    note = "[Online; accessed 19-February-2018]"
  }